<record><leader>00000cas a2200000 a 4500</leader><controlfield tag="001">972094087</controlfield><controlfield tag="008">170210d19841986cauwr ne      0    0eng c</controlfield><datafield ind1=" " ind2=" " tag="010"><subfield code="a">sn2012271141</subfield></datafield><datafield ind1=" " ind2=" " tag="040"><subfield code="a">CNK</subfield><subfield code="b">eng</subfield><subfield code="c">CNK</subfield><subfield code="d">OCLCO</subfield><subfield code="d">OCLCQ</subfield><subfield code="d">OCLCF</subfield></datafield><datafield ind1=" " ind2=" " tag="042"><subfield code="a">pcc</subfield></datafield><datafield ind1=" " ind2=" " tag="043"><subfield code="a">n-us-ca</subfield></datafield><datafield ind1="0" ind2="0" tag="245"><subfield code="a">Placentia highlander &amp; news-times.</subfield></datafield><datafield ind1="3" ind2=" " tag="246"><subfield code="a">Placentia highlander and news times</subfield></datafield><datafield ind1="1" ind2="3" tag="246"><subfield code="a">Highlander star</subfield></datafield><datafield ind1=" " ind2=" " tag="260"><subfield code="a">Placentia, Calif. :</subfield><subfield code="b">Highlander Publications</subfield></datafield><datafield ind1=" " ind2=" " tag="300"><subfield code="a">volumes</subfield></datafield><datafield ind1=" " ind2=" " tag="310"><subfield code="a">Weekly</subfield></datafield><datafield ind1=" " ind2=" " tag="336"><subfield code="a">text</subfield><subfield code="b">txt</subfield><subfield code="2">rdacontent</subfield></datafield><datafield ind1=" " ind2=" " tag="337"><subfield code="a">unmediated</subfield><subfield code="b">n</subfield><subfield code="2">rdamedia</subfield></datafield><datafield ind1=" " ind2=" " tag="338"><subfield code="a">volume</subfield><subfield code="b">nc</subfield><subfield code="2">rdacarrier</subfield></datafield><datafield ind1="0" ind2=" " tag="362"><subfield code="a">Vol. 12, no. 152 (Mar. 7, 1984)-Sept. 17, 1986.</subfield></datafield><datafield ind1=" " ind2=" " tag="515"><subfield code="a">Vol. and numbering designation is irregular, and then drops entirely.</subfield></datafield><datafield ind1=" " ind2="0" tag="651"><subfield code="a">Placentia (Calif.)</subfield><subfield code="v">Newspapers.</subfield></datafield><datafield ind1=" " ind2="7" tag="655"><subfield code="a">Newspapers.</subfield><subfield code="2">fast</subfield><subfield code="0">(OCoLC)fst01423814</subfield></datafield><datafield ind1=" " ind2="7" tag="651"><subfield code="a">California</subfield><subfield code="z">Placentia.</subfield><subfield code="2">fast</subfield><subfield code="0">(OCoLC)fst01219042</subfield></datafield><datafield ind1=" " ind2=" " tag="752"><subfield code="a">United States</subfield><subfield code="b">California</subfield><subfield code="c">Orange</subfield><subfield code="d">Placentia.</subfield></datafield><datafield ind1="0" ind2="0" tag="780"><subfield code="t">Placentia news-times (Placentia, Calif. : 1981)</subfield><subfield code="w">(DLC)sn2012271145</subfield></datafield><datafield ind1="0" ind2="0" tag="785"><subfield code="t">Placentia highlander</subfield><subfield code="w">(DLC)sn2012271142</subfield></datafield></record>